@article{levelt1999,
  title={A theory of lexical access in speech production},
  author={Levelt, Willem JM and Roelofs, Ardi and Meyer, Antje S},
  journal={Behavioral and brain sciences},
  volume={22},
  number={01},
  pages={1--38},
  year={1999},
  publisher={Cambridge Univ Press}
}
@article{riecker2005,
  title={fMRI reveals two distinct cerebral networks subserving speech motor control},
  author={Riecker, A and Mathiak, K and Wildgruber, D and Erb, M and Hertrich, I and Grodd, W and Ackermann, H},
  journal={Neurology},
  volume={64},
  number={4},
  pages={700--706},
  year={2005},
  publisher={AAN Enterprises}
}
@article{kroger1993,
  title={A gestural production model and its application to reduction in German},
  author={Kr{\"o}ger, Bernd J},
  journal={Phonetica},
  volume={50},
  number={4},
  pages={213--233},
  year={1993},
  publisher={Karger Publishers}
}
@article{kroger2010,
  title={A model for production, perception, and acquisition of actions in face-to-face communication},
  author={Kr{\"o}ger, Bernd J and Kopp, Stefan and Lowit, Anja},
  journal={Cognitive processing},
  volume={11},
  number={3},
  pages={187--205},
  year={2010},
  publisher={Springer}
}
@article{saltzman1989,
  title={A dynamical approach to gestural patterning in speech production},
  author={Saltzman, Elliot L and Munhall, Kevin G},
  journal={Ecological psychology},
  volume={1},
  number={4},
  pages={333--382},
  year={1989},
  publisher={Taylor \& Francis}
}
@article{goldstein2006,
  title={The role of vocal tract gestural action units in understanding the evolution of phonology},
  author={Goldstein, Louis and Byrd, Dani and Saltzman, Elliot},
  journal={Action to language via the mirror neuron system},
  pages={215--249},
  year={2006},
  publisher={Cambridge University Press Cambridge,, England}
}
@article{kroger2009,
  title={Towards a neurocomputational model of speech production and perception},
  author={Kr{\"o}ger, Bernd J and Kannampuzha, Jim and Neuschaefer-Rube, Christiane},
  journal={Speech Communication},
  volume={51},
  number={9},
  pages={793--809},
  year={2009},
  publisher={Elsevier}
}
@article{kroger2014,
  title={Associative learning and self-organization as basic principles for simulating speech acquisition, speech production, and speech perception},
  author={Kr{\"o}ger, Bernd J and Kannampuzha, Jim and Kaufmann, Emily},
  journal={EPJ Nonlinear Biomedical Physics},
  volume={2},
  number={1},
  pages={1--28},
  year={2014},
  publisher={Springer}
}
@article{kuhl2004,
  title={Early language acquisition: cracking the speech code},
  author={Kuhl, Patricia K},
  journal={Nature Reviews Neuroscience},
  volume={5},
  number={11},
  pages={831--843},
  year={2004},
  publisher={Nature Publishing Group}
}
@article{dang2004,
  title={Construction and control of a physiological articulatory model},
  author={Dang, Jianwu and Honda, Kiyoshi},
  journal={The Journal of the Acoustical Society of America},
  volume={115},
  number={2},
  pages={853--870},
  year={2004},
  publisher={Acoustical Society of America}
}
@article{kroger2005,
  title={A visual articulatory model and its application to therapy of speech disorders: a pilot study},
  author={Kr{\"o}ger, Bernd J and Gotto, Julia and Albert, Susanne and Neuschaefer-Rube, Christiane},
  journal={Speech production and perception: Experimental analyses and models. ZAS Papers in Linguistics},
  volume={40},
  pages={79--94},
  year={2005}
}
@article{kroger2004,
  title={MRT-Sequenzen als Datenbasis eines visuellen Artikulationsmodells},
  author={Kr{\"o}ger, Bernd J and Hoole, P and Sader, R and Geng, C and Pompino-Marschall, B and Neuschaefer-Rube, C},
  journal={HNO},
  volume={52},
  number={9},
  pages={837--843},
  year={2004},
  publisher={Springer}
}
@article{perrier1992,
  title={Vocal Tract Area Function Estimation From Midsagittal Dimensions With CT Scans and a Vocal Tract CastModeling the Transition With Two Sets of Coefficients},
  author={Perrier, Pascal and Bo{\"e}, Louis-Jean and Sock, Rudolph},
  journal={Journal of Speech, Language, and Hearing Research},
  volume={35},
  number={1},
  pages={53--67},
  year={1992},
  publisher={ASHA}
}
@article{veldhuis1998,
  title={A computationally efficient alternative for the Liljencrants--Fant model and its perceptual evaluation},
  author={Veldhuis, Raymond},
  journal={The Journal of the Acoustical Society of America},
  volume={103},
  number={1},
  pages={566--571},
  year={1998},
  publisher={Acoustical Society of America}
}
@book{liljencrants1985,
  title={Speech synthesis with a reflection-type line analog},
  author={Liljencrants, Johan},
  volume={85},
  number={2},
  year={1985},
  publisher={Royal Institute of Technology}
}
@article{eliasmith2012,
  title={A large-scale model of the functioning brain},
  author={Eliasmith, Chris and Stewart, Terrence C and Choo, Xuan and Bekolay, Trevor and DeWolf, Travis and Tang, Yichuan and Rasmussen, Daniel},
  journal={science},
  volume={338},
  number={6111},
  pages={1202--1205},
  year={2012},
  publisher={American Association for the Advancement of Science}
}
@book{eliasmith2013,
  title={How to build a brain: A neural architecture for biological cognition},
  author={Eliasmith, Chris},
  year={2013},
  publisher={Oxford University Press}
}
@article{kroger2011,
  title={Towards an articulation-based developmental robotics approach for word processing in face-to-face communication},
  author={Kr{\"o}ger, Bernd J and Birkholz, Peter and Neuschaefer-Rube, Christiane},
  journal={Paladyn},
  volume={2},
  number={2},
  pages={82--93},
  year={2011},
  publisher={Springer}
}
@incollection{kroger2012,
  title={The neurophonetic model of speech processing ACT: structure, knowledge acquisition, and function modes},
  author={Kr{\"o}ger, Bernd J and Kannampuzha, Jim and Eckers, Cornelia and Heim, Stefan and Kaufmann, Emily and Neuschaefer-Rube, Christiane},
  booktitle={Cognitive Behavioural Systems},
  pages={398--404},
  year={2012},
  publisher={Springer}
}
@incollection{kroger2011a,
  title={Towards the acquisition of a sensorimotor vocal tract action repository within a neural model of speech processing},
  author={Kr{\"o}ger, Bernd J and Birkholz, Peter and Kannampuzha, Jim and Kaufmann, Emily and Neuschaefer-Rube, Christiane},
  booktitle={Analysis of Verbal and Nonverbal Communication and Enactment. The Processing Issues},
  pages={287--293},
  year={2011},
  publisher={Springer}
}
@article{eckers2013,
  title={Neural representation of the sensorimotor speech--action-repository},
  author={Eckers, Cornelia and Kr{\"o}ger, Bernd J and Sass, Katharina and Heim, Stefan},
  journal={Frontiers in human neuroscience},
  volume={7},
  year={2013},
  publisher={Frontiers Media SA}
}
@article{eckers2013a,
  title={The speech action repository: Evidence from a single case neuroimaging study},
  author={Eckers, Cornelia and Kr{\"o}ger, Bernd J and Heim, Stefan},
  journal={Studientexte zur Sprachkommunikation: Elektronische Sprachsignalverarbeitung},
  pages={128--135},
  year={2013}
}
@book{eliasmith2003,
  title={Neural engineering: Computation, representation, and dynamics in neurobiological systems},
  year={2003},
  publisher={MIT Press},
  organization={MIT Press},
  type={book},
  address={Cambridge, MA},
  author={Chris Eliasmith and Charles H. Anderson}
}
@article{bekolay2014,
  author={Bekolay, Trevor and Bergstra, James and Hunsberger, Eric and DeWolf, Travis and Stewart, Terrence C and Rasmussen, Daniel and Choo, Xuan and Voelker, Aaron Russell and Eliasmith, Chris},
  title={Nengo: A Python tool for building large-scale functional brain models},
  journal={Frontiers in Neuroinformatics},
  volume={7},
  year={2014},
  number={48},
  doi={10.3389/fninf.2013.00048},
  issn={1662-5196}
}